
@manual{rosetta,
	author={Mike Mol},
	title={Rosetta Code},
	month=jan,
	year=2007
}

@manual{sorting,
	author={Wikipedia},
	title={Sorting},
	month=oct,
	year=2015
}

@manual{insertion,
	author={Wikipedia},
	title={Insertion sort},
	month=nov,
	year=2015
}

@manual{selection,
	author={Wikipedia},
	title={Selection sort},
	month=nov,
	year=2015
}

@manual{bubble,
	author={Wikipedia},
	title={Bubble sort},
	month=nov,
	year=2015
}

@manual{shake,
	author={Wikipedia},
	title={Shake sort},
	month=nov,
	year=2015
}

@manual{shell,
	author={Wikipedia},
	title={Shell sort},
	month=nov,
	year=2015
}

@manual{rank,
	author={Wikipedia},
	title={Rank sort},
	month=nov,
	year=2015
}

@manual{radix,
	author={Wikipedia},
	title={Radix sort},
	month=nov,
	year=2015
}

@manual{radixbin,
	author={Wikipedia},
	title={Radix sort bin√°rio},
	month=nov,
	year=2015
}

@manual{merge,
	author={Wikipedia},
	title={Merge sort},
	month=nov,
	year=2015
}

@manual{quick,
	author={Wikipedia},
	title={Quick sort},
	month=nov,
	year=2015
}

@manual{heap,
	author={Wikipedia},
	title={Heap sort},
	month=nov,
	year=2015
}

