
@manual{bvp,
	author={William L. Briggs},
	title={Boundary Value problems},
	year=1987
}
