
@manual{search,
	author={Wikipedia},
	title={Search engine},
	month=jul,
	year=2015
}

@manual{pesqprim,
	author={Nivio Ziviani},
	title={Projeto de Algoritmos - Pesquisa em Memória Primária},
	month=sep,
	year=2010
}

@manual{pesqsec,
	author={Nivio Ziviani},
	title={Projeto de Algoritmos - Pesquisa em Memória Secundária},
	month=aug,
	year=2010
}

@manual{arvb,
	author={Nonato},
	title={Árvores B},
	note={Disponível em \url{http://www.lcad.icmc.usp.br/~nonato/ED/B_arvore/btree.htm}}
}

@manual{wchar,
	author={Wikibooks},
	title={C Reference - wchar.h},
	month=jun,
	year=2014
}
