
@manual{jobs,
	author={Douglas Novato},
	title={Sistemas Operacionais - O que Ã© Escalonamento de Processos?},
	month=may,
	year=2014
}

@manual{bs,
	author={Wikipedia},
	title={Beam search},
	month=jul,
	year=2015
}

@manual{bb,
	author={Wikipedia},
	title={Branch and bound},
	month=sep,
	year=2015
}

@manual{sh,
	author={Daniel Dominic Sleator},
	title={Self Adjusting Heaps},
	month=feb,
	year=1986
}
