@article{lindenmayer1968mathematical,
  title={Mathematical models for cellular interactions in development {I.} {Filaments} with one-sided inputs},
  author={Lindenmayer, Aristid},
  journal={Journal of theoretical biology},
  volume={18},
  number={3},
  pages={280--299},
  year={1968},
  publisher={Elsevier}
}

@MISC{L-Sistema,
  title = {{L-Sistema}},
  howpublished = {\url{http://pt.wikipedia.org/wiki/L-Sistema}},
  year = {2015},
  note = {\'{U}ltimo accesso: 2015-05-21},
  key = {SL}
}

@MISC{L-system,
  title = {{L-system}},
  howpublished = {\url{http://en.wikipedia.org/wiki/L-system}},
  year = {2015},
  note = {\'{U}ltimo accesso: 2015-05-21},
  key = {Lsystem}
}

@MISC{Interactive-L-system,
  title = {{Interactive L-system}},
  howpublished = {\url{http://www.kevs3d.co.uk/dev/lsystems/}},
  year = {2015},
  note = {\'{U}ltimo accesso: 2015-05-21},
  key = {ILsystem}
}

@MISC{L-system-Matlab,
  title = {{L-system-Matlab}},
  howpublished = {\url{http://www.mathworks.com/help/symbolic/mupad_ref/plot-lsys.html}},
  year = {2015},
  note = {\'{U}ltimo accesso: 2015-05-21},
  key = {ILsystemMatlab}
}

@MISC{L-system-Jennings,
  title = {{L-system-Jennings}},
  howpublished = {\url{http://www.cgjennings.ca/toybox/lsystems}},
  year = {2015},
  note = {\'{U}ltimo accesso: 2015-05-21},
  key = {LsystemJennings}
}


%\cite{L-Sistema}, \cite{Interactive-L-system}, \cite{Interactive-L-system}, 



@MISC{Flow,
  title = {{Volumetric flow rate}},
  howpublished = {\url{http://en.wikipedia.org/wiki/Volumetric_flow_rate}},
  year = {2015},
  note = {Accessed: 2015-03-19},
  key = {VLR}
  
}@MISC{Dynamicpressure,
  title = {{Dynamic pressure}},
  howpublished = {\url{http://en.wikipedia.org/wiki/Dynamic_pressure}},
  year = {2015},
  note = {Accessed: 2015-05-01},
  key = {DYNP}
}

@MISC{NewtonRaphson,
  title = {{Newton's method}},
  howpublished = {\url{http://en.wikipedia.org/wiki/Newton%27s_method}},
  year = {2015},
  note = {Accessed: 2015-03-19},
  key = {NR}
}

@MISC{Taylor,
  title = {{Taylor series}},
  howpublished = {\url{http://en.wikipedia.org/wiki/Taylor_series}},
  year = {2015},
  note = {Accessed: 2015-03-19},
  key = {Taylor}
}

@MISC{Hesse,
  title = {{Hessian matrix}},
  howpublished = {\url{http://en.wikipedia.org/wiki/Hessian_matrix}},
  year = {2015},
  note = {Accessed: 2015-03-19},
  key = {Hesse}
}

@MISC{pseudoinverse,
  title = {{Pseudoinverse}},
  howpublished = {\url{http://en.wikipedia.org/wiki/Moore%E2%80%93Penrose_pseudoinverse}},
  year = {2015},
  note = {Accessed: 2015-03-19},
  key = {Pseudoinverse}
}

@MISC{Jacobian,
  title = {{Jacobian}},
  howpublished = {\url{http://en.wikipedia.org/wiki/Jacobian_matrix_and_determinant}},
  year = {2015},
  note = {Accessed: 2015-03-19},
  key = {Jacobian}
}

@MISC{Press92numericalrecipes,
    author = {William H. Press and Saul A. Teukolsky and William T. Vetterling and Brian P. Flannery},
    title = {Numerical Recipes in C: The Art of Scientific Computing. Second Edition},
    edition = {2nd},
    year = {1992}
}

@book{Press:2007:NRE:1403886,
 author = {Press, William H. and Teukolsky, Saul A. and Vetterling, William T. and Flannery, Brian P.},
 title = {Numerical Recipes 3rd Edition: The Art of Scientific Computing},
 year = {2007},
 isbn = {0521880688, 9780521880688},
 edition = {3rd},
 publisher = {Cambridge University Press},
 address = {New York, NY, USA},
} 


@book{young2012introduction,
  title={A Brief Introduction to Fluid Mechanics},
  author={Young, Donald F and Munson, Bruce Roy and Okiishi,
	Theodore Hisao and Huebsch, Wade W},
  year={2012},
  edition = {5th},
  publisher={Wiley}
}

@book{young2006fundamentals,
  title={Fundamentals of Fluid Mechanics},
  author={Young, Donald F and Munson, Bruce Roy and Okiishi, Theodore Hisao},
  publisher={John Wiley \& Sons, Inc},
  edition = {5th},
  year={2006}
}

@book{cengel2013fluid,
  title={Fluid Mechanics Fundamentals and Applications: Third Edition},
  author={\c{C}engel, Y. and Cimbala, J.},
  isbn={9780077595418},
  year={2013},
  publisher={McGraw-Hill Higher Education}
}

@book{green2007perry,
  title={Perry's Chemical Engineers' Handbook, Eighth Edition},
  author={Green, D. and Perry, R.},
  isbn={9780071593137},
  series={McGraw Hill professional},
  year={2007},
  publisher={McGraw-Hill Education}
}

@book{idelchik1996handbook,
  title={Handbook of Hydraulic Resistance},
  author={Idel πchik, I.E. and Steinberg, O.},
  isbn={9781567000740},
  lccn={92027383},
  year={1996},
  publisher={Begell House}
}

@book{controls2005control,
  title={Control Valve Handbook},
  author={Controls, Fisher},
  year={2005},
  edition = {4th},
  publisher={Fisher Controls},
  url={http://www.documentation.emersonprocess.com/groups/public/documents/book/cvh99.pdf},
  howpublished = {\mbox{\url{http://www.documentation.emersonprocess.com/groups/public/documents/book/cvh99.pdf}}},
}

@book{dickenson1999valves,
  title={Valves, Piping, and Pipelines Handbook},
  author={Dickenson, T.C.},
  isbn={9781856172523},
  lccn={99026575},
  series={Elsevier advanced technology},
  year={1999},
  publisher={Elsevier Advanced Technology},
}

@book{nayyar2000piping,
  title={Piping Handbook},
  author={Nayyar, M.},
  isbn={9780070471061},
  lccn={00265340},
  series={McGraw-Hill Handbooks},
  year={2000},
  publisher={McGraw-Hill Education}
}

@book{mackay2004practical,
  title={The Practical Pumping Handbook},
  author={Mackay, R.C.},
  isbn={9780080514499},
  year={2004},
  publisher={Elsevier Science}
}


@book{novak2010hydraulic,
  title={Hydraulic Modelling -- An Introduction: Principles, Methods and Applications},
  author={Novak, P. and Guinot, V. and Jeffrey, A. and Reeve, D.E.},
  isbn={9780203861622},
  lccn={2009027719},
  year={2010},
  publisher={CRC Press}
}


@book{potter2011mechanics,
  title={Mechanics of Fluids SI Version},
  author={Potter, M. and Wiggert, D. and Ramadan, B.},
  isbn={9781439062036},
  lccn={2010941455},
  year={2011},
  publisher={Cengage Learning}
}


@phdthesis{phdthesisFinch1989,
  author       = {Francis Eric Finch}, 
  title        = {Automated fault diagnosis of chemical process plants using model-based reasoning},
  school       = {Massachusetts Institute of Technology, Dept. of Chemical Engineering},
  year         = 1989,
  url          = {http://hdl.handle.net/1721.1/14194},
}


@phdthesis{phdthesisOyeleye1990,
  author       = {Olayiwola Oluwemimo Oyeleye}, 
  title        = {Qualitative modeling of continuous chemical processes and applications to fault diagnosis},
  school       = {Massachusetts Institute of Technology, Dept. of Chemical Engineering},
  year         = 1990,
  url          = {http://hdl.handle.net/1721.1/14281},
}

@article{Oyeleye88,
	author={O.~O.~Oyeleye and M.~A.~Kramer},
	title={Qualitative simulation of chemical process systems: steady-state analysis},
	journal={AIChE J.},
	year={1988},
	pages={1441--1454},
	volume={34},
	number={4},
}

@article{Sorsa91,
	author={T.~Sorsa and H.~N.~Koivo and H.~Koivisto},
	title={Neural Networks in Process Fault Diagnosis},
	journal={IEEE Trans. on Systems, Man, and Cybernetics},
	year={1991},
	volume={21},
	number={4},
	pages={815--825},
}

@article{Sorsa93,
	author={T.~Sorsa and H.~N.~Koivo},
	title={Application of Artificial Neural Networks in Process Fault Diagnosis},
	journal={Automatica},
	year={1993},
	volume={29},
	number={4},
	pages={843--849},
}

@article{Venkat90,
	author={V.~Venkatasubramanian and R.~Vaidyanathan and Y.~Yamamoto},
	title={Process fault detection and diagnosis using neural networks -- {I}. Steady-state processes},
	journal={Computers Chem. Engng},
	year={1990},
	volume={14},
	number={7},
	pages={699--712},
}



